@online{wplib, 
    author = {Wikipedia},
    title = {Bibliothèque},
    url = {https://fr.wikipedia.org/wiki/Biblioth%C3%A8que_logicielle},
    urldate = {}
}
@online{fs, 
    author = {Wikipedia},
    title = {File system},
    url = {https://fr.wikipedia.org/wiki/Syst%C3%A8me_de_fichiers},
    urldate = {}
}
@online{fd, 
    author = {Wikipedia},
    title = {Free desktop},
    url = {https://fr.wikipedia.org/wiki/Freedesktop.org},
    urldate = {}
}
@online{journ, 
    author = {Wikipedia},
    title = {Système de fichiers journalisé},
    url = {https://fr.wikipedia.org/wiki/Syst%C3%A8me_de_fichiers_journalis%C3%A9},
    urldate = {}
}
@online{btrfs, 
    author = {Wiki Ubuntu},
    title = {Le système de fichiers BTRFS},
    url = {https://doc.ubuntu-fr.org/btrfs},
    urldate = {}
}
@online{rcard, 
    author = {Wikipédia},
    title = {Rémy Card},
    url = {https://fr.wikipedia.org/wiki/R%C3%A9my_Card},
    urldate = {}
}
@online{verarubin, 
    author = {Wikipédia},
    title = {Observatoire Vera-C.-Rubin},
    url = {https://fr.wikipedia.org/wiki/Observatoire_Vera-C.-Rubin},
    urldate = {}
}